<?xml version="1.0" encoding="UTF-8"?><record xmlns="http://www.loc.gov/MARC21/slim" xmlns:cinclude="http://apache.org/cocoon/include/1.0" xmlns:zs="http://www.loc.gov/zing/srw/">
  <leader>00609cz  a2200157n  4500</leader>
  <controlfield tag="001">n  93051768 </controlfield>
  <controlfield tag="003">DLC</controlfield>
  <controlfield tag="005">20001017070808.0</controlfield>
  <controlfield tag="008">930602n| acannaabn          |a aaa      </controlfield>
  <datafield tag="010" ind1=" " ind2=" ">
    <subfield code="a">n  93051768 </subfield>
  </datafield>
  <datafield tag="035" ind1=" " ind2=" ">
    <subfield code="a">(OCoLC)oca03382849</subfield>
  </datafield>
  <datafield tag="040" ind1=" " ind2=" ">
    <subfield code="a">DLC</subfield>
    <subfield code="b">eng</subfield>
    <subfield code="c">DLC</subfield>
    <subfield code="d">DLC</subfield>
    <subfield code="d">NjP</subfield>
    <subfield code="d">OCoLC</subfield>
  </datafield>
  <datafield tag="100" ind1="1" ind2=" ">
    <subfield code="a">Rodríguez Gil, Adolfo</subfield>
  </datafield>
  <datafield tag="400" ind1="1" ind2=" ">
    <subfield code="a">Gil, Adolfo Rodríguez</subfield>
  </datafield>
  <datafield tag="670" ind1=" " ind2=" ">
    <subfield code="a">His Centralismo, municipio, regionalización y descentralización en Nicaragua, 1992:</subfield>
    <subfield code="b">t.p. (Adolfo Rodríguez Gil)</subfield>
  </datafield>
  <datafield tag="670" ind1=" " ind2=" ">
    <subfield code="a">Centralismo, municipio ... 1993:</subfield>
    <subfield code="b">t.p. (Adolfo Rodríguez Gil) p. 7 (b. Madrid, 1953; economist; lives in Nicaragua)</subfield>
  </datafield>
</record>